@book{tapscott2016blockchain,
  title={Blockchain Revolution: How the Technology Behind Bitcoin Is Changing Money, Business, and the World},
  author={Tapscott, Don and Tapscott, Alex},
  year={2016},
  publisher={Portfolio}
}

@book{antonopoulos2014mastering,
  title={Mastering Bitcoin: Unlocking Digital Cryptocurrencies},
  author={Antonopoulos, Andreas M.},
  year={2014},
  publisher={O'Reilly Media}
}

@misc{buterin2014next,
  title={A Next-Generation Smart Contract and Decentralized Application Platform},
  author={Buterin, Vitalik},
  year={2014},
  url={https://ethereum.org/en/whitepaper/}
}

@book{narayanan2016bitcoin,
  title={Bitcoin and Cryptocurrency Technologies: A Comprehensive Introduction},
  author={Narayanan, Arvind and Bonneau, Joseph and Felten, Edward and Miller, Andrew and Goldfeder, Steven},
  year={2016},
  publisher={Princeton University Press}
}

@article{szabo1997formalizing,
  title={Formalizing and Securing Relationships on Public Networks},
  author={Szabo, Nick},
  year={1997},
  journal={First Monday},
  volume={2},
  number={9}
}

@misc{wood2014ethereum,
  title={Ethereum: A Secure Decentralised Generalised Transaction Ledger},
  author={Wood, Gavin},
  year={2014},
  url={https://ethereum.github.io/yellowpaper/paper.pdf}
}

@inproceedings{croman2016scaling,
  title={On Scaling Decentralized Blockchains},
  author={Croman, Kyle and others},
  booktitle={Proceedings of the 3rd Workshop on Bitcoin and Blockchain Research},
  year={2016}
}

@book{swan2015blockchain,
  title={Blockchain: Blueprint for a New Economy},
  author={Swan, Melanie},
  year={2015},
  publisher={O'Reilly Media}
}

@misc{larimer2014delegated,
  title={Delegated proof-of-stake (DPOS)},
  author={Larimer, Daniel},
  year={2014},
  url={https://bitshares.org/technology/delegated-proof-of-stake-consensus}
}

@misc{chacon2014pro,
  title={Pro Git},
  author={Chacon, Scott and Straub, Ben},
  year={2014},
  publisher={Apress},
  url={https://git-scm.com/book/en/v2}
}

@misc{github2020actions,
  title={GitHub Actions Documentation},
  year={2020},
  url={https://docs.github.com/en/actions}
}


@misc{driessen2010successful,
  title={A successful Git branching model},
  author={Driessen, Vincent},
  year={2010},
  url={http://nvie.com/posts/a-successful-git-branching-model/}
}


@book{hammond2012version,
  title={Version Control with Git: Powerful tools and techniques for collaborative software development},
  author={Hammond, Jon Loeliger and McCullough, Matthew},
  year={2012},
  publisher={O'Reilly Media, Inc.}
}


@misc{kwon2019cosmos,
  title={Cosmos: A Network of Distributed Ledgers},
  author={Kwon, Jae and Buchman, Ethan},
  year={2019},
  url={https://github.com/cosmos/cosmos/blob/master/WHITEPAPER.md}
}


@inproceedings{castro1999practical,
  title={Practical Byzantine fault tolerance},
  author={Castro, Miguel and Liskov, Barbara},
  booktitle={OSDI},
  volume={99},
  pages={173--186},
  year={1999}
}

@article{lewenberg2015inclusive,
  title={Inclusive Blockchain Protocols},
  author={Lewenberg, Yoad and Sompolinsky, Yonatan and Zohar, Aviv},
  journal={Financial Cryptography and Data Security},
  year={2015},
  publisher={Springer}
}


@article{
  nakamoto2008bitcoin,
  title={Bitcoin: A peer-to-peer electronic cash system},
  author={Nakamoto, Satoshi},
  year={2008},
  url={https://bitcoin.org/bitcoin.pdf},
}

@article{
  king2012ppcoin,
  title={PPCoin: Peer-to-peer crypto-currency with proof-of-stake},
  author={King, Sunny and Nadal, Scott},
  year={2012},
  url={https://peercoin.net/assets/paper/peercoin-paper.pdf}
}


@article{Aljumah2023,
  title={Investigating the Impact of Blockchain Technology on Social Sustainability and the Mediating Role of Ethics and CSR},
  author={Ahmad Ibrahim Aljumah},
  journal={Sustainability},
  year={2023},
  volume={15},
  number={21},
  pages={15510},
  doi={10.3390/su152115510},
  url={https://www.mdpi.com/2071-1050/15/21/15510}
}

@misc{Princeton2023,
  title={Exploring blockchain's impact on society},
  author={Princeton University},
  year={2023},
  
}


@article{
    mcculloch1943logical,
    title={A logical calculus of the ideas immanent in nervous activity},
    author={McCulloch, Warren S and Pitts, Walter},
    journal={The bulletin of mathematical biophysics},
    volume={5},
    number={4},
    pages={115--133},
    year={1943},
    publisher={Springer}
}

@inproceedings{castro1999practical,
  title={Practical byzantine fault tolerance},
  author={Castro, Miguel and Liskov, Barbara and others},
  booktitle={OsDI},
  volume={99},
  number={1999},
  pages={173--186},
  year={1999}
}

@article{larimer2014delegated,
  title={Delegated proof-of-stake (dpos)},
  author={Larimer, Daniel},
  journal={Bitshare whitepaper},
  volume={81},
  pages={85},
  year={2014}
}

 
@misc{
    app-based-blockchain,
    author = "{Cosmos Network}",
    title = {{Overview of Cosmos SDK blockchain architecture}},
    howpublished = {\url{https://docs.cosmos.network/main/intro/why-app-specific}},
    year=2023,
}

@misc{
    cosmos-hub,
    author = "{Cosmos Hub}",
    title = {{Overview of Cosmos Hub}},
    howpublished = {\url{https://hub.cosmos.network/main/hub-overview/overview.html}},
    year=2023,
}

@misc{
    gRPC-website,
    author = "{gRPC}",
    title = {{gRPC}},
    howpublished = {\url{ https://grpc.io/}},
    year=2023,
} 

@misc{
    cometbft-overview,
    author = "{CometBFT}",
    title = {{Consensus Overview CometBFT}},
    howpublished = {\url{https://docs.cometbft.com/v0.37/introduction/what-is-cometbft}},
    year=2023,
}

@misc{
    iagoogletrend,
    author = "{Google Trends}",
    title = {{Busquedas relacionadas sobre Inteligencia Artificial}},
    howpublished = {\url{https://short.upm.es/ygxy1}},
    note = {Accessed 26 September 2021} ,
    year=2021,
}

@article{
    definitionIaMcCarthy,
    title={A Proposal for the Dartmouth Summer Research Project on Artificial Intelligence},
    author={John McCarthy and Marvin L. Minsky and Nathaniel Rochester and Claude E. Shannon},
    pages={1--3},
    year={1956},
    publisher={Princeton University}
}

@misc{
    goDefinition,
    author = "{Wikipedia}",
    title = {{Juego de mesa GO}},
    howpublished = {\url{https://en.wikipedia.org/wiki/Go_(game)}},
    note = {Accessed 26 September 2021} ,
    year=2021,
}

@article{
    stockMarketPatterns,
    title={Stock-Market "Patterns" and Financial Analysis: Methodological Suggestions},
    author={Harry V. Roberts},
    pages={1--10},
    year={1959},
    publisher={American Finance Association}
}

@misc{
    dogeDefinition,
    author = "{Avi Salzman, Barron's}",
    title = {{Dogecoin Started as a Joke. Now Itâ€™s Too Important to Laugh Off.}},
    howpublished = {\url{https://short.upm.es/w8b2g}},
    note = {Accessed 5 October 2021} ,
    year=2021,
}

@misc{
    sotaAI,
    author = "{Stateoftheart.ai}",
    title = {{Artificial Intelligence, State of the Art}},
    howpublished = {\url{https://www.stateoftheart.ai/}},
    note = {Accessed 9 November 2021} ,
    year=2021,
}

@article{
    aidefinitionjhon,
    title={What is artificial intelligence?},
    author={John McCarthy},
    pages={2},
    year={2004},
    publisher={Stanford University}
}

@book{aiModern,
  author = {Stuart Russel and Peter Norving},
  year = {2014},
  title = {Artificial Intelligence A Modern Approach},
  publisher = {Pearson},
  edition = {3}
}

@article{
    aiState,
    title={Artificial Intelligence: State of the Art},
    author={Bhaskar Mondal},
    publisher={Xavier University Bhubaneswar}
}

@article{
    nnModelDefinition,
    title={A Logical Calculus of Ideas Immanent in Nervous Activity},
    author={Warren McCulloch and Walter Pitts},
    publisher={University of Illinois, College of Medicine}
}

@misc{
    tradeDefinition,
    author = "{Wikipedia}",
    title = {{Trade}},
    howpublished = {\url{https://en.wikipedia.org/wiki/Trade}},
    note = {Accessed 12 January 2022} ,
    year=2022,
}

@article{
    oxfordArcheology,
    title={Concise Oxford Dictionary of Archaeology},
    author={Timothy Darvill},
    publisher={OUP Oxford}
}

@article{
    obsidianTrade,
    title={Studies in Volcanic Petrology: I. Talasea, New Guinea, II. Southwest Utah},
    author={Garry George Lowder},
    publisher={University of California, Berkeley}
}

@misc{
    investingVsTrading,
    author = "{Jean Folger}",
    title = {{Investing vs. Trading: What's the Difference?}},
    howpublished = {\url{https://short.upm.es/6j2q5}},
    note = {Accessed 12 January 2022} ,
    year=2022,
}

@article{
    reinforcementTrading,
    title={Reinforcement Learning in Stock Trading},
    author={Quang-Vinh Dang},
    publisher={Industrial University of Ho Chi Minh city, Vietnam},
    year={2020}
}

@article{
  practicalDeepLearningStock,
  title={Practical deep reinforcement learning approach for stock trading},
  author={Xiong, Zhuoran and Liu, Xiao-Yang and Zhong, Shan and Yang, Hongyang and Walid, Anwar},
  journal={arXiv preprint arXiv:1811.07522},
  year={2018}
}

@article{
  containersStateOfArt,
  title={The state-of-the-art in container technologies: Application, orchestration and security},
  author={Casalicchio, Emiliano and Iannucci, Stefano},
  journal={Concurrency and Computation: Practice and Experience},
  volume={32},
  number={17},
  pages={e5668},
  year={2020},
  publisher={Wiley Online Library}
}

@misc{
    vmVsContainer,
    author = "{Doug Jones}",
    title = {{Containers vs. Virtual Machines (VMs): What's the Difference?}},
    howpublished = {\url{https://www.netapp.com/blog/containers-vs-vms}},
    note = {Accessed 2 February 2022} ,
    year=2022,
}

@article{
  microservicesStateOfArt,
  title={Microservices: yesterday, today, and tomorrow},
  author={Dragoni, Nicola and Giallorenzo, Saverio and Lafuente, Alberto Lluch and Mazzara, Manuel and Montesi, Fabrizio and Mustafin, Ruslan and Safina, Larisa},
  journal={Present and ulterior software engineering},
  pages={195--216},
  year={2017},
  publisher={Springer}
}

@misc{
    monoVsMicro,
    author = "{Anton Vasylenko}",
    title = {{Microservices vs Monolith: which architecture is the best choice for your business?}},
    howpublished = {\url{https://short.upm.es/aja9w}},
    note = {Accessed 2 February 2022} ,
    year=2022,
}

@misc{
    gitDefinition,
    author = "{git}",
    title = {{Git --everything-is-local}},
    howpublished = {\url{https://git-scm.com/}},
    note = {Accessed 2 February 2022} ,
    year=2022,
}

@misc{
    gitflow,
    author = "{Atlassian Team}",
    title = {{Comparing workflows, gitflow.}},
    howpublished = {\url{https://short.upm.es/sbb69}},
    note = {Accessed 11 February 2022} ,
    year=2022,
}

@misc{
    sprintsDef,
    author = "{Atlassian Team}",
    title = {{Sprints}},
    howpublished = {\url{https://short.upm.es/vq5sj}},
    note = {Accessed 11 February 2022} ,
    year=2022,
}

@misc{
    kanbanDef,
    author = "{Atlassian Team}",
    title = {{Kanban boards}},
    howpublished = {\url{https://short.upm.es/xhgx6}},
    note = {Accessed 11 February 2022} ,
    year=2022,
}

@misc{
    selfHostedRunner,
    author = "{GitHub Docs}",
    title = {{About self-hosted runners}},
    howpublished = {\url{https://short.upm.es/cvwip}},
    note = {Accessed 13 February 2022} ,
    year=2022,
}

@misc{
    networkDefinition,
    title = {{Computer network}},
    howpublished = {\url{https://en.wikipedia.org/wiki/Computer_network}},
    note = {Accessed 22 February 2022} ,
    year=2022,
}

@misc{
    dockerNetworking,
    title = {{Networking overview}},
    howpublished = {\url{https://docs.docker.com/network/}},
    note = {Accessed 22 February 2022} ,
    year=2022,
}

@misc{
    alphaVantage,
    title = {{Alpha Vantage}},
    howpublished = {\url{https://www.alphavantage.co/}},
    note = {Accessed 1 March 2022} ,
    year=2022,
}

@misc{
    dockerCompose,
    title = {{Docker Compose}},
    howpublished = {\url{https://docs.docker.com/compose/}},
    note = {Accessed 1 March 2022} ,
    year=2022,
}

@book{
  deepWithPython,
  title={Deep learning with Python},
  author={Chollet, Francois},
  year={2021},
  publisher={Simon and Schuster}
}

@book{
  handsOnMachine,
  title={Hands-on machine learning with Scikit-Learn, Keras, and TensorFlow: Concepts, tools, and techniques to build intelligent systems},
  author={G{\'e}ron, Aur{\'e}lien},
  year={2019},
  publisher={" O'Reilly Media, Inc."}
}


@article{
  lstm1997,
  title={Long short-term memory},
  author={Hochreiter, Sepp and Schmidhuber, J{\"u}rgen},
  journal={Neural computation},
  volume={9},
  number={8},
  pages={1735--1780},
  year={1997},
  publisher={MIT Press}
}

@misc{
    understandLSTM,
    title = {{Understanding LSTM Networks}},
    howpublished = {\url{https://colah.github.io/posts/2015-08-Understanding-LSTMs/}},
    note = {Accessed 19 March 2022} ,
}

@article{
  tai2020impact,
  title={The impact of artificial intelligence on human society and bioethics},
  author={Tai, Michael Cheng-Tek},
  journal={Tzu-Chi Medical Journal},
  volume={32},
  number={4},
  pages={339},
  year={2020},
  publisher={Wolters Kluwer--Medknow Publications}
}

@misc{
    elonBasicIncome,
    title = {{Elon Musk: Robots will take your jobs, government will have to pay your wage}},
    howpublished = {\url{https://short.upm.es/627tw}},
    author = {Catherine Clifford, CNBC},
    note = {Accessed 24 April 2022}
}